@article {RosebrughWood:DLF,
    AUTHOR = {Rosebrugh, Robert and Wood, R. J.},
     TITLE = {Distributive laws and factorization},
   JOURNAL = {J. Pure Appl. Algebra},
  FJOURNAL = {Journal of Pure and Applied Algebra},
    VOLUME = {175},
      YEAR = {2002},
    NUMBER = {1-3},
     PAGES = {327--353},
      ISSN = {0022-4049},
   MRCLASS = {18D05 (18A32 18C15)},
  MRNUMBER = {1941618},
MRREVIEWER = {Stephen Lack},
       DOI = {10.1016/S0022-4049(02)00140-8},
       URL = {https://doi.org/10.1016/S0022-4049(02)00140-8},
}

@article {Feller_et_al:E2SSU,
    AUTHOR = {Feller, Matthew and Garner, Richard and Kock, Joachim and Proulx, May U. and Weber, Mark},
     TITLE = {Every 2-{S}egal space is unital},
   JOURNAL = {Commun. Contemp. Math.},
  FJOURNAL = {Communications in Contemporary Mathematics},
    VOLUME = {23},
      YEAR = {2021},
    NUMBER = {2},
     PAGES = {2050055, 6},
      ISSN = {0219-1997},
   MRCLASS = {18N60},
  MRNUMBER = {4201031},
       DOI = {10.1142/S0219199720500558},
       URL = {https://doi.org/10.1142/S0219199720500558},
}

@article {GKT1,
    AUTHOR = {G\'{a}lvez-Carrillo, Imma and Kock, Joachim and Tonks, Andrew},
     TITLE = {Decomposition spaces, incidence algebras and {M}\"{o}bius inversion {I}: {B}asic theory},
   JOURNAL = {Adv. Math.},
  FJOURNAL = {Advances in Mathematics},
    VOLUME = {331},
      YEAR = {2018},
     PAGES = {952--1015},
      ISSN = {0001-8708},
   MRCLASS = {18G30 (06A11 16T10 55U35)},
  MRNUMBER = {3804694},
       DOI = {10.1016/j.aim.2018.03.016},
       URL = {https://doi.org/10.1016/j.aim.2018.03.016},
}

@article {GKT2,
    AUTHOR = {G\'{a}lvez-Carrillo, Imma and Kock, Joachim and Tonks, Andrew},
     TITLE = {Decomposition spaces, incidence algebras and {M}\"{o}bius inversion {II}: {C}ompleteness, length filtration, and finiteness},
   JOURNAL = {Adv. Math.},
  FJOURNAL = {Advances in Mathematics},
    VOLUME = {333},
      YEAR = {2018},
     PAGES = {1242--1292},
      ISSN = {0001-8708,1090-2082},
   MRCLASS = {18G30 (05A19 06A11 16T10 55U35)},
  MRNUMBER = {3818099},
MRREVIEWER = {Leandro\ Vendramin},
       DOI = {10.1016/j.aim.2018.03.017},
       URL = {https://doi.org/10.1016/j.aim.2018.03.017},
}

@article {GKT3,
    AUTHOR = {G\'{a}lvez-Carrillo, Imma and Kock, Joachim and Tonks, Andrew},
     TITLE = {Decomposition spaces, incidence algebras and {M}\"{o}bius inversion {III}: {T}he decomposition space of {M}\"{o}bius intervals},
   JOURNAL = {Adv. Math.},
  FJOURNAL = {Advances in Mathematics},
    VOLUME = {334},
      YEAR = {2018},
     PAGES = {544--584},
      ISSN = {0001-8708},
   MRCLASS = {18G30 (06A11 16T05 55U35)},
  MRNUMBER = {3828744},
MRREVIEWER = {Kenneth A. Brown},
       DOI = {10.1016/j.aim.2018.03.018},
       URL = {https://doi.org/10.1016/j.aim.2018.03.018},
}

@article {GKT:DSRS,
    AUTHOR = {G\'{a}lvez-Carrillo, Imma AND Kock, Joachim AND Tonks, Andrew},
     TITLE = {Decomposition spaces and restriction species},
   JOURNAL = {Int. Math. Res. Notices},
  FJOURNAL = {International Mathematics Research Notices. IMRN},
      YEAR = {2020},
    VOLUME = {2020},
    NUMBER = {21},
     PAGES = {7558--7616},
      ISSN = {1073-7928},
   MRCLASS = {16T15 (05E16 16T10 18M05 18N50)},
  MRNUMBER = {4176832},
MRREVIEWER = {Loic Foissy},
       DOI = {10.1093/imrn/rny089},
       URL = {https://doi.org/10.1093/imrn/rny089},
     ARXIV = {1708.02570},
}

@incollection {Joyal-Tierney,
    AUTHOR = {Joyal, Andr\'{e} and Tierney, Myles},
     TITLE = {Quasi-categories vs {S}egal spaces},
 BOOKTITLE = {Categories in algebra, geometry and mathematical physics},
    SERIES = {Contemp. Math.},
    VOLUME = {431},
     PAGES = {277--326},
 PUBLISHER = {Amer. Math. Soc., Providence, RI},
      YEAR = {2007},
   MRCLASS = {55U35 (18G55)},
  MRNUMBER = {2342834},
MRREVIEWER = {Nicola Gambino},
       DOI = {10.1090/conm/431/08278},
       URL = {https://doi.org/10.1090/conm/431/08278},
}

@article {GarnerKockWeber:OCD,
    AUTHOR = {Garner, Richard and Kock, Joachim and Weber, Mark},
     TITLE = {Operadic categories and d\'{e}calage},
   JOURNAL = {Adv. Math.},
  FJOURNAL = {Advances in Mathematics},
    VOLUME = {377},
      YEAR = {2021},
     PAGES = {107440, 23},
      ISSN = {0001-8708,1090-2082},
   MRCLASS = {18C15 (18C20)},
  MRNUMBER = {4186001},
MRREVIEWER = {Tashi\ Walde},
       DOI = {10.1016/j.aim.2020.107440},
       URL = {https://doi.org/10.1016/j.aim.2020.107440},
}

@article {BOORS:ESC,
    AUTHOR = {Bergner, Julia E. and Osorno, Ang\'{e}lica M. and Ozornova, Viktoriya and Rovelli, Martina and Scheimbauer, Claudia I.},
     TITLE = {The edgewise subdivision criterion for 2-{S}egal objects},
   JOURNAL = {Proc. Amer. Math. Soc.},
  FJOURNAL = {Proceedings of the American Mathematical Society},
    VOLUME = {148},
      YEAR = {2020},
    NUMBER = {1},
     PAGES = {71--82},
      ISSN = {0002-9939},
   MRCLASS = {18M60 (18N50 19D10 55U10)},
  MRNUMBER = {4042831},
MRREVIEWER = {Oliver R\"{o}ndigs},
       DOI = {10.1090/proc/14679},
       URL = {https://doi.org/10.1090/proc/14679},
}

@article {BOORS:2SSWC,
    AUTHOR = {Bergner, Julia E. and Osorno, Ang\'{e}lica M. and Ozornova,  Viktoriya and Rovelli, Martina and Scheimbauer, Claudia I.},
     TITLE = {2-{S}egal sets and the {W}aldhausen construction},
   JOURNAL = {Topology Appl.},
  FJOURNAL = {Topology and its Applications},
    VOLUME = {235},
      YEAR = {2018},
     PAGES = {445--484},
      ISSN = {0166-8641},
   MRCLASS = {55U10 (18D05 18G30 19D10)},
  MRNUMBER = {3760213},
MRREVIEWER = {Charles Weibel},
       DOI = {10.1016/j.topol.2017.12.009},
       URL = {https://doi.org/10.1016/j.topol.2017.12.009},
}

@article {BOORS:2SOWC,
    AUTHOR = {Bergner, Julia E. and Osorno, Ang\'{e}lica M. and Ozornova, Viktoriya and Rovelli, Martina and Scheimbauer, Claudia I.},
     TITLE = {2-{S}egal objects and the {W}aldhausen construction},
   JOURNAL = {Algebr. Geom. Topol.},
  FJOURNAL = {Algebraic \& Geometric Topology},
    VOLUME = {21},
      YEAR = {2021},
    NUMBER = {3},
     PAGES = {1267--1326},
      ISSN = {1472-2747,1472-2739},
   MRCLASS = {18N10 (18N40 19D10 55U10 55U35 55U40)},
  MRNUMBER = {4299667},
MRREVIEWER = {Mark\ W.\ Johnson},
       DOI = {10.2140/agt.2021.21.1267},
       URL = {https://doi.org/10.2140/agt.2021.21.1267},
}

@article {KockSpivak:DSST,
    AUTHOR = {Kock, Joachim and Spivak, David I.},
     TITLE = {Decomposition-space slices are toposes},
   JOURNAL = {Proc. Amer. Math. Soc.},
  FJOURNAL = {Proceedings of the American Mathematical Society},
    VOLUME = {148},
      YEAR = {2020},
    NUMBER = {6},
     PAGES = {2317--2329},
      ISSN = {0002-9939,1088-6826},
   MRCLASS = {18B25 (18N50 55U10)},
  MRNUMBER = {4080877},
MRREVIEWER = {Celestin\ Nkuimi-Jugnia},
       DOI = {10.1090/proc/14834},
       URL = {https://doi.org/10.1090/proc/14834},
}

@article {Walde:HSSHE,
    AUTHOR = {Walde, Tashi},
     TITLE = {Higher {S}egal spaces via higher excision},
   JOURNAL = {Theory Appl. Categ.},
  FJOURNAL = {Theory and Applications of Categories},
    VOLUME = {35},
      YEAR = {2020},
     PAGES = {Paper No. 28, 1048--1086},
   MRCLASS = {18N50 (18F50)},
  MRNUMBER = {4124491},
MRREVIEWER = {Vidhyanath K. Rao},
}

@article {Segal:CSILS,
    AUTHOR = {Segal, Graeme},
     TITLE = {Configuration-spaces and iterated loop-spaces},
   JOURNAL = {Invent. Math.},
  FJOURNAL = {Inventiones Mathematicae},
    VOLUME = {21},
      YEAR = {1973},
     PAGES = {213--221},
      ISSN = {0020-9910},
   MRCLASS = {55D35},
  MRNUMBER = {331377},
MRREVIEWER = {J. P. May},
       DOI = {10.1007/BF01390197},
       URL = {https://doi.org/10.1007/BF01390197},
}

@article {ConstantinFritzPerroneShapiro:WCPSS,
    AUTHOR = {Constantin, Carmen and Fritz, Tobias and Perrone, Paolo and Shapiro, Brandon T.},
     TITLE = {Weak cartesian properties of simplicial sets},
   JOURNAL = {J. Homotopy Relat. Struct.},
  FJOURNAL = {Journal of Homotopy and Related Structures},
    VOLUME = {18},
      YEAR = {2023},
    NUMBER = {4},
     PAGES = {477--520},
      ISSN = {2193-8407,1512-2891},
   MRCLASS = {18N50 (18C15 18N60)},
  MRNUMBER = {4671178},
       DOI = {10.1007/s40062-023-00334-1},
       URL = {https://doi.org/10.1007/s40062-023-00334-1},
}

@article {ChuHaugseng:HCASC,
    AUTHOR = {Chu, Hongyi and Haugseng, Rune},
     TITLE = {Homotopy-coherent algebra via {S}egal conditions},
   JOURNAL = {Adv. Math.},
  FJOURNAL = {Advances in Mathematics},
    VOLUME = {385},
      YEAR = {2021},
     PAGES = {Paper No. 107733, 95},
      ISSN = {0001-8708},
   MRCLASS = {18N60 (18N65 18N70 55P48)},
  MRNUMBER = {4256131},
MRREVIEWER = {Julia Bergner},
       DOI = {10.1016/j.aim.2021.107733},
       URL = {https://doi.org/10.1016/j.aim.2021.107733},
}

@article {Berger:MCO,
    AUTHOR = {Berger, Clemens},
     TITLE = {Moment categories and operads},
   JOURNAL = {Theory Appl. Categ.},
  FJOURNAL = {Theory and Applications of Categories},
    VOLUME = {38},
      YEAR = {2022},
     PAGES = {1485--1537},
      ISSN = {1201-561X},
   MRCLASS = {18A32 (18M60 18M85 18N70)},
  MRNUMBER = {4541944},
}

@article {ConnesKreimer:HARNG,
    AUTHOR = {Connes, Alain and Kreimer, Dirk},
     TITLE = {Hopf algebras, renormalization and noncommutative geometry},
   JOURNAL = {Comm. Math. Phys.},
  FJOURNAL = {Communications in Mathematical Physics},
    VOLUME = {199},
      YEAR = {1998},
    NUMBER = {1},
     PAGES = {203--242},
      ISSN = {0010-3616,1432-0916},
   MRCLASS = {81T15 (16W30 46L87 81T18)},
  MRNUMBER = {1660199},
MRREVIEWER = {Raimar\ Wulkenhaar},
       DOI = {10.1007/s002200050499},
       URL = {https://doi.org/10.1007/s002200050499},
}

@article {Grandis:WSEMCC,
    AUTHOR = {Grandis, Marco},
     TITLE = {Weak subobjects and the epi-monic completion of a category},
      NOTE = {Category theory and its applications (Montreal, QC, 1997)},
   JOURNAL = {J. Pure Appl. Algebra},
  FJOURNAL = {Journal of Pure and Applied Algebra},
    VOLUME = {154},
      YEAR = {2000},
    NUMBER = {1-3},
     PAGES = {193--212},
      ISSN = {0022-4049,1873-1376},
   MRCLASS = {18A20 (18A35 18E30 18G55 55U99)},
  MRNUMBER = {1787597},
       DOI = {10.1016/S0022-4049(99)00191-7},
       URL = {https://doi.org/10.1016/S0022-4049(99)00191-7},
}

@book {DyckerhoffKapranov:HSS,
    AUTHOR = {Dyckerhoff, Tobias and Kapranov, Mikhail},
     TITLE = {Higher {S}egal spaces},
    SERIES = {Lecture Notes in Mathematics},
    VOLUME = {2244},
 PUBLISHER = {Springer, Cham},
      YEAR = {2019},
     PAGES = {xv+218},
      ISBN = {978-3-030-27122-0; 978-3-030-27124-4},
   MRCLASS = {55U35 (05E05 05E10 18G30 19D10 55U10)},
  MRNUMBER = {3970975},
       DOI = {10.1007/978-3-030-27124-4},
       URL = {https://doi.org/10.1007/978-3-030-27124-4},
}

@book {Borceux:HCA1,
    AUTHOR = {Borceux, Francis},
     TITLE = {Handbook of categorical algebra. 1},
    SERIES = {Encyclopedia of Mathematics and its Applications},
    VOLUME = {50},
      NOTE = {Basic category theory},
 PUBLISHER = {Cambridge University Press, Cambridge},
      YEAR = {1994},
     PAGES = {xvi+345},
      ISBN = {0-521-44178-1},
   MRCLASS = {18-02 (18Axx)},
  MRNUMBER = {1291599},
MRREVIEWER = {Martin\ Hyland},
}

@book {GabrielZisman:CFHT,
    AUTHOR = {Gabriel, P. and Zisman, M.},
     TITLE = {Calculus of fractions and homotopy theory},
    SERIES = {Ergebnisse der Mathematik und ihrer Grenzgebiete, Band 35},
 PUBLISHER = {Springer-Verlag New York, Inc., New York},
      YEAR = {1967},
     PAGES = {x+168},
   MRCLASS = {55.40 (18.00)},
  MRNUMBER = {0210125},
MRREVIEWER = {A. K. Bousfield},
}

@book {AdamekRosicky:LPAC,
    AUTHOR = {Ad\'{a}mek, Ji\v{r}\'{\i} and Rosick\'{y}, Ji\v{r}\'{\i}},
     TITLE = {Locally presentable and accessible categories},
    SERIES = {London Mathematical Society Lecture Note Series},
    VOLUME = {189},
 PUBLISHER = {Cambridge University Press, Cambridge},
      YEAR = {1994},
     PAGES = {xiv+316},
      ISBN = {0-521-42261-2},
   MRCLASS = {18Axx (18-02)},
  MRNUMBER = {1294136},
MRREVIEWER = {J. R. Isbell},
       DOI = {10.1017/CBO9780511600579},
       URL = {https://doi.org/10.1017/CBO9780511600579},
}

@book {Lurie:HTT,
    AUTHOR = {Lurie, Jacob},
     TITLE = {Higher topos theory},
    SERIES = {Annals of Mathematics Studies},
    VOLUME = {170},
 PUBLISHER = {Princeton University Press, Princeton, NJ},
      YEAR = {2009},
     PAGES = {xviii+925},
      ISBN = {978-0-691-14049-0; 0-691-14049-9},
   MRCLASS = {18-02 (18B25 18E35 18G30 18G55 55U40)},
  MRNUMBER = {2522659},
MRREVIEWER = {Mark\ Hovey},
       DOI = {10.1515/9781400830558},
       URL = {https://doi.org/10.1515/9781400830558},
}

@book {MacLane:CWM,
    AUTHOR = {Mac Lane, Saunders},
     TITLE = {Categories for the working mathematician},
    SERIES = {Graduate Texts in Mathematics},
    VOLUME = {5},
   EDITION = {Second},
 PUBLISHER = {Springer-Verlag, New York},
      YEAR = {1998},
     PAGES = {xii+314},
      ISBN = {0-387-98403-8},
   MRCLASS = {18-02},
  MRNUMBER = {1712872},
}

@book {MunsonVolic:CHT,
    AUTHOR = {Munson, Brian A. and Voli\'{c}, Ismar},
     TITLE = {Cubical homotopy theory},
    SERIES = {New Mathematical Monographs},
    VOLUME = {25},
 PUBLISHER = {Cambridge University Press, Cambridge},
      YEAR = {2015},
     PAGES = {xv+631},
      ISBN = {978-1-107-03025-1},
   MRCLASS = {55P99 (16B50 18G30 55U10 57Q45 57R19)},
  MRNUMBER = {3559153},
MRREVIEWER = {Rui Miguel Saramago},
       DOI = {10.1017/CBO9781139343329},
       URL = {https://doi.org/10.1017/CBO9781139343329},
}

@book {Pareigis:CF,
    AUTHOR = {Pareigis, Bodo},
     TITLE = {Categories and functors},
    SERIES = {Pure and Applied Mathematics},
    VOLUME = {Vol. 39},
      NOTE = {Translated from the German},
 PUBLISHER = {Academic Press, New York-London},
      YEAR = {1970},
     PAGES = {viii+268},
   MRCLASS = {18.00},
  MRNUMBER = {265428},
MRREVIEWER = {H.-B.\ Brinkmann},
}

@book {Weibel:IHA,
    AUTHOR = {Weibel, Charles A.},
     TITLE = {An introduction to homological algebra},
    SERIES = {Cambridge Studies in Advanced Mathematics},
    VOLUME = {38},
 PUBLISHER = {Cambridge University Press, Cambridge},
      YEAR = {1994},
     PAGES = {xiv+450},
      ISBN = {0-521-43500-5; 0-521-55987-1},
   MRCLASS = {18-01 (16-01 17-01 20-01 55Uxx)},
  MRNUMBER = {1269324},
MRREVIEWER = {Kenneth\ A.\ Brown},
       DOI = {10.1017/CBO9781139644136},
       URL = {https://doi.org/10.1017/CBO9781139644136},
}

@unpublished{Carawan:2SMACWC,
    AUTHOR = {Tanner Carawan},
     TITLE = {2-{S}egal maps associated to a category with cofibrations},
      NOTE = {\href{https://arxiv.org/abs/2405.11561}{arXiv:2405.11561} [math.AT]},
}

@unpublished{HackneyKock:CMES,
    AUTHOR = {Philip Hackney and Joachim Kock},
     TITLE = {Culf maps and edgewise subdivision},
      NOTE = {\href{https://arxiv.org/abs/2210.11191}{arXiv:2210.11191} [math.AT], with an appendix coauthored with Jan Steinebrunner},
}

@unpublished{HackneyKock:FDS,
    AUTHOR = {Philip Hackney and Joachim Kock},
     TITLE = {Free decomposition spaces},
      NOTE = {to appear in {Collect.\ Math.}, \href{https://arxiv.org/abs/2210.11192}{arXiv:2210.11192} [math.CT]},
}

@unpublished{Hackney:OC2SS,
    AUTHOR = {Philip Hackney},
     TITLE = {Operadic categories and 2-{S}egal sets},
      NOTE = {\href{https://arxiv.org/abs/2312.00756}{arXiv:2312.00756} [math.CT]},
}

@unpublished{Hackney:SCGO,
    AUTHOR = {Philip Hackney},
     TITLE = {Segal conditions for generalized operads},
      NOTE = {to appear in \emph{Higher Structures in Geometry, Topology and Physics}, Contemp. Math. AMS, \href{https://arxiv.org/abs/2208.13852}{arXiv:2208.13852} [math.CT]},
}

@unpublished{Poguntke:HSSAKT,
    AUTHOR = {Thomas Poguntke},
     TITLE = {Higher {S}egal structures in algebraic {$K$}-theory},
      NOTE = {\href{https://arxiv.org/abs/1709.06510}{arXiv:1709.06510} [math.AT]},
}

@unpublished {Tonks:BIRS,
    AUTHOR = {Tonks, Andrew},
     TITLE = {Untitled},
      NOTE = {this volume},
}

@unpublished {Stern:BIRS,
    AUTHOR = {Stern, Walker},
     TITLE = {Perspectives on the 2-{S}egal conditions},
      NOTE = {this volume},
}

@unpublished {Rovelli:BIRS,
    AUTHOR = {Rovelli, Martina},
     TITLE = {Untitled},
      NOTE = {this volume},
}

@unpublished {CooperYoung:BIRS,
    AUTHOR = {Ben Cooper and Matthew B. Young},
     TITLE = {Hall algebras via 2-{S}egal spaces},
      NOTE = {this volume},
}

@misc{kerodon,
  author       = {Lurie, Jacob},
  title        = {Kerodon},
  howpublished = {\url{https://kerodon.net}},
  year         = {2024},
}
